<?xml version="1.0" encoding="UTF-8"?><collection xmlns="http://www.loc.gov/MARC21/slim"><record><leader>00549nam--2200133-i-4500</leader><controlfield tag="001">000026276</controlfield><controlfield tag="002">20161230</controlfield><controlfield tag="005">20170123172457</controlfield><controlfield tag="008">060222s1000------------r-----000-0-eng-d</controlfield><datafield ind1=" " ind2=" " tag="100"><subfield code="a">Albrecht, J</subfield><subfield code="e">ed</subfield></datafield><datafield ind1="1" ind2="0" tag="245"><subfield code="a">International series of numerical mathematics. Vol.48. Constructive methods for nonlinear boundary value problems and nonlinear oscillations. Conference at the oberwolfach mathematical research institute, Black Forest, November 19-25 1978</subfield></datafield><datafield ind1=" " ind2=" " tag="260"><subfield code="a">Basel</subfield><subfield code="b">Birkhauser Verke</subfield><subfield code="c">1979</subfield></datafield><datafield ind1=" " ind2=" " tag="852"><subfield code="a">74621</subfield><subfield code="c">517.9</subfield></datafield><datafield ind1=" " ind2=" " tag="CAT"><subfield code="a">SYS</subfield><subfield code="c">20170123</subfield><subfield code="h">172457</subfield></datafield></record></collection>